@book{pdca1,
	Author = {N. Andriano Fagner}, 
	Title = {A Utilização Da Metodologia Do Ciclo Pdca No Gerenciamento Da Melhoria Contínua},
	Year = {2011},
}

@book{pdca3,
	Author = {N.Thiago Franca}, 
	Title = {Importância Da Utilização Do Ciclo Pdca Para Garantia Da Qualidade Do Produto Em Uma Indústria Automobilística},
	Year = {2007},
}


@book{ghanem,
	Author = {C. Ghanem and R. Ghanem}, 
	Title = {Comportamento e características de usuários de lentes de contato entre estudantes universitários da área de saúde},
	Year = {2000},
}



@book{lui,
	Author = {G. Lui and R. Leça}, 
	Title = {Avaliação do nível de conhecimento quanto ao uso de lentes de contato entre os estudantes de medicina da faculdade de Medicina do ABC},
	Year = {2010},
}



@book{modugno,
	Author = {R. Modugno}, 
	Title = {Uma contribuição ao Projeto de Retinógrafos Digitais},
	Year = {2009},
}

@book{aurelio,
	Author = {C. Aurélio}, 
	Title = {Instrumentação eletrônica: métodos e técnicas de medição},
	Year = {2010},
}

@book{martin,
	Author = {L. Martin}, 
	Title = {Reliability of Computer Systems and Networks: Fault Tolerance, Analysis, and Design},
	Year = {2002},
}

@book{norman,
	Author = {P. Norman}, 
	Title = {Reliability Technology: Principles and Practice of Failure Prevention in Electronic Systems},
	Year = {2011},
}

@book{floyd,
	Author = {F. Raymond and S. Richard}, 
	Title = {Product testing},
	Year = {2011},
}




@book{hsu,
	Author = {Hsu and Rein-Lien and Abdel-Mottaleb and J. Anil}, 
	Title = {Face detection in color images},
	Year = {2002},
}


@book{huang,
	Author = {Huang and Weimin, et al}, 
	Title = {A robust approach to face and eyes detection from images with cluttered background},
	Year = {1998},
}


@book{viola,
	Author = {Viola and Paul and J. Michael}, 
	Title = {Rapid object detection using a boosted cascade of simple features},
	Year = {2001},
}

@book{duarte,
	Author = {G. Duarte}, 
	Title = {Uso da Transformada de Hough na Detecção de Círculos em Imagens Digitais},
	Year = {2003},
}



@book{mathas,
	Author = {M. Carolyn}, 
	Title = {The Five Senses of Sensor’s Touch},
	Year = {2011},
}

@book{ad7142,
	Author = {Analog Devices}, 
	Title = {AD7142 Programmable Controller for Capacitance Touch Sensors Datasheet},
	Year = {2014},
}

@online{vicki,
	Author = {M. Vicki},
	url = {http://wiki.fluidproject.org/display/fluid/Benchmarking+-+Touch+Screen+Options}, 
	Year = {2014},
}


@online{keyur,
	Author = {S. Keyur},
	url = {http://www.dsource.in/course/touch-screen-gestures/types-of-touch-Screen/resistive-touch-screen/index.html}, 
	Year = {2014},
}



@online{free,
	Author = {Freescale},
	url = {http://www.freescale.com/}, 
	Year = {2014},
}





@book{geomar,
	Author = {Geomar}, 
	Title = {Notas de aula de Automação Industrial},
	Year = {2008},
}

@book{werneck,
	Author = {M. Werneck}, 
	Title = {Transdutores e Interfaces},
	Year = {1996},
}

@online{andre,
	Author = {B. André},
	url = {http://www.vista.med.br/}, 
	Year = {2014},
}

@book{patsko,
	Author = {F. Patsko}, 
	Title = {Tutorial Aplicações, Funcionamento e Utilização de Sensores},
	Year = {2006},
}

@online{bourdon,
	Author = {Bourdon},
	url = {http://www.eq.uc.pt/~lferreira/BIBL_SEM/global/bourdon/Pdf/bourdon.pdf}, 
	Year = {2014},
}



@online{free2,
	Author = {Freescale},
	url = {http://www.freescale.com/webapp/sps/site/taxonomy.jsp?code=DRSNSPRSSR}, 
	Year = {2014},
}




@book{romano,
	Author = {R. Vitor and D. Max Suell}, 
	Title = {Robótica Industrial: Aplicação na Indústria de Manufatura e de Processos},
	Year = {2002},
}

@book{aquino,
	Author = {A. Alberdan}, 
	Title = {Controle de vibração de um sistema sob desbalanceamento rotativo utilizando atuador de liga com memória de forma},
	Year = {2011},
}


@book{carrara,
	Author = {C. Valdemir}, 
	Title = {Apostila de robótica},
	Year = {2007},
}



@online{estimativas,
	Author = {Organix Comunicação},
	url = {http://www.comunicacaointegrada.com/lentes-de-contato-a-preco-popular-chegam-ao-mercado-brasileiro/}, 
	Year = {2013},
}



@online{siteeducation,
	Author = {OurEducation},
	url = {http://blog.oureducation.in/classification-of-self-excited-dc-machine-motor-or-generator/}, 
	Year = {2013},
}



@article{machado,
   title = {Introdução ao Controle e Automação},
   author={Marcelo Lucas Pereira Machado},
   language = {br},
   year = {2006},
	 publisher = {CEFET-ES},
	 address = {Coordenadoria de Engenharia Metalúrgica},
}



@article{SCME,
   title = {Introduction to Transducers, Sensors and Actuators},
   author={Southwest Center for Microsystems Education},
	 Year = 2009,
   language = {en},
	 address = {University of New Mexico},
}


@manual{nippon,
	Organization = {Nippon Pulse Motor Co., Ltd.},
	Pages = 14,
	Year = 2007,
	Title = {Basic Servomotor Control},
}


@article{brites,
   title = {Motor de Passo},
   author={F. G. Brites and V. P. de A. Santos},
   language = {br},
	 Year = 2008,
	 address = {Universidade Federal Fluminense},
}


@manual{siemens,
	Organization = {Siemens},
	Pages = 36,
	Subtitle = {Guia rápido para uma especificação precisa},
	Title = {Motores de Corrente Contínua},
	Year = 2006
}


@book{lewis,
	Author = {E. Lewis}, 
	Title = {Introduction to Reability Enginnering},
	Year = {1996},
}

@book{khan,
	Author = {F. Khan}, 
	Title = {Equipment Reliability a life cycle approach},
	Year = {2001},
}

@book{castro,
	Author = {H. F. Castro}, 
	Title = {Otimização da Confiabilidade e Disponibilidade em Sistemas Redundantes},
	Year = {2003},
}



@manual{sae,
	Organization = {SAE HandBook}, 
	Title = {Potential Failure Mode and Effects Analysis in design (Design FMEA) and potential failure mode and effects analysis in Manufacturing and assembly process (process FMEA)- reference Manual},
	Year = {1997},
}


@online{sensor1,
	Author = {Datasheet do sensor MPXV5004DP},
	url = {http://www.farnell.com/datasheets/614104.pdf}, 
	Year = {2014},
}

@online{sensor2,
	Author = {Datasheet do sensor FSR 406},
	url = {http://www.steadlands.com/data/interlink/fsr406.pdf}, 
	Year = {2014},
}







@book{coral,
	Author = {K. Coral-Ghanem}, 
	Title = {Manutenção das lentes de contato},
	Year = {1998},
}

@book{vieira,
	Author = {S. Vieira}, 
	Title = {Pequenos cuidados, prevenção garantida},
	Year = {2005},
}

@book{robert,
	Author = {D. Robertson}, 
	Title = {The role of contact
lens type, oxygen transmission, and care-related solutions in mediating
epithelial homeostasis and pseudomonas binding to corneal cells: an overview.
Eye},
	Year = {2007},
}

@book{rakow,
	Author = {P. Rakow}, 
	Title = {Current contact lens care systems},
	Year = {2003},
}

@book{moreira,
	Author = {H. Moreira}, 
	Title = {Fatores de insucesso na adaptação de
lentes de contato},
	Year = {2004},
}

@manual{olhar,
	Organization = {MinistÉrio da SaÚde}, 
	Title = {Projeto Olhar Brasil},
	Year = {2007},
}

@book{norton,
	Author = {R. L. Norton}, 
	Title = {Projeto de maquinas uma abordagem integradao},
	Year = {2000},
}


@book{shigley,
	Author = {J. E. Shigley}, 
	Title = {Projeto de engenharia mecânica},
	Year = {2005},
}
